<?xml version="1.0" encoding="UTF-8"?><record xmlns="http://www.loc.gov/MARC21/slim" xmlns:cinclude="http://apache.org/cocoon/include/1.0" xmlns:zs="http://www.loc.gov/zing/srw/">
  <leader>00587cz  a2200157n  4500</leader>
  <controlfield tag="001">no2009136477</controlfield>
  <controlfield tag="003">DLC</controlfield>
  <controlfield tag="005">20100721075240.0</controlfield>
  <controlfield tag="008">090828n| acannaabn          |n aaa     c</controlfield>
  <datafield tag="010" ind1=" " ind2=" ">
    <subfield code="a">no2009136477</subfield>
  </datafield>
  <datafield tag="035" ind1=" " ind2=" ">
    <subfield code="a">(OCoLC)oca08222317</subfield>
  </datafield>
  <datafield tag="040" ind1=" " ind2=" ">
    <subfield code="a">TNJ</subfield>
    <subfield code="b">eng</subfield>
    <subfield code="c">TNJ</subfield>
  </datafield>
  <datafield tag="100" ind1="1" ind2=" ">
    <subfield code="a">Steinkerchner, Scott</subfield>
  </datafield>
  <datafield tag="670" ind1=" " ind2=" ">
    <subfield code="a">Watching clouds, 2009:</subfield>
    <subfield code="b">t.p. (Scott Steinkerchner)</subfield>
  </datafield>
  <datafield tag="670" ind1=" " ind2=" ">
    <subfield code="a">OCLC, Aug. 28, 2009</subfield>
    <subfield code="b">(hdg.: Steinkerchner, Scott Edward Peter; usage: Scott Edward Peter Steinkerchner)</subfield>
  </datafield>
  <datafield tag="670" ind1=" " ind2=" ">
    <subfield code="a">Steinkerchner, Scott. Beyond agreement, c2010:</subfield>
    <subfield code="b">ECIP t.p. (Scott Steinkerchner, OP) data view (b. 1961)</subfield>
  </datafield>
</record>